% command M-x bibtex-convert-alien
% in emacs: Ctrl-h m -> Abkuerzungen fuer Tastenbelegungen fuer Schablonen

@book{Eckert13,
	author = {Eckert, Claudia},
	title = {IT-Sicherheit : Konzepte - Verfahren - Protokolle},
	publisher = {Oldenburg},
	year = 2013,
}

@book{Engelbrecht04,
  author =	 {Engelbrecht, Michael},
  title =	 {{Entwicklung sicherer Software - Modellierung und Implementierung mit Java}},
  publisher =	 {Spektrum},
  year =	 2004,
}
@misc{JCAdoc,
  author = {Oracle},
  title = {{Java Cryptography Architecture (JCA) Reference Guide}},
  howpublished = "\url{http://docs.oracle.com/javase/6/docs/technotes/guides/security/crypto/CryptoSpec.html}",
  year = {2011}, 
  note = "[Online; accessed 17-January-2014]"
}
 
@misc{Oracle,
  author = {Oracle},
  title = {{Java Cryptography Architecture Standard Algirthm Name Documentation}},
  howpublished = "\url{http://docs.oracle.com/javase/7/docs/technotes/guides/security/StandardNames.html#SecureRandom}",
  year = {2014}, 
  note = "[Online; accessed 17-January-2014]"
}

