@article{CCY99,
	author = {Cardellini, Valeria and Colajanni, Michele and Yu, Philip S.},
	title = {{Dynamic Load Balancing on Web-Server Systems}},
	journal = {IEEE Internet Computing},
	issue_date = {May 1999},
	volume = {3},
	number = {3},
	month = may,
	year = {1999},
	issn = {1089-7801},
	pages = {28--39},
	numpages = {12},
	publisher = {IEEE Educational Activities Department},
	address = {Piscataway, NJ, USA},
} 

@inproceedings{LSSZ08,
	author = {Lehmann, Janette and Schneidenbach, Lars and Schnor, Bettina and Zinke, J\"org},
	title = {{Self-Adapting Credit Based Server Load Balancing}},
	booktitle = {{Proceedings of the IASTED international Conference on Parallel and Distributed Computing and Networks (PDCN)}},
	year = {2008},
	editor = {Helmar Burkhart}, 
	pages = {55--62}, 
	address = {Innsbruck, Austria}, 
	month = {February},
	organization = {IASTED}, 
	publisher = {ACTA Press}, 
	note = {ISBN: 978-0-88986-713-0, ISBN (CD): 978-0-88986-714-7}
}

@misc{LVS12,
	author = {Wensong Zhang},
	title  = {{The Linux Virtual Server Project - Linux Server Cluster for Load Balancing}},
	howpublished = {\url{http://www.linuxvirtualserver.org/}},
	note  = {Accessed 12/01}
}

@book{Engelbrecht04,
  author =	 {Engelbrecht, Michael},
  title =	 {{Entwicklung sicherer Software - Modellierung und Implementierung mit Java}},
  publisher =	 {Spektrum},
  year =	 2004,
}

@incollection{oasa_mediawiki,
  author    = {Harihareswara, Sumana and Paumier, Guillaume},
  title     = {{MediaWiki}},
  booktitle = {{The Architecture of Open Source Applications}},
  year      = "2012",
  editor    = {Wilson, Greg and Brown, Amy},
  month     = mar,
  volume    = "2",
  publisher = "online \url{http://aosabook.org/en/mediawiki.html}",
  url       = "http://aosabook.org/en/mediawiki.html"
}}
